@article{greenwade93,
    author  = "David Salmon",
    title   = "The {C}omprehensive {T}ex {A}rchive {N}etwork ({CTAN})",
    year    = "1993",
    journal = "TUGBoat",
    volume  = "14",
    number  = "3",
    pages   = "342--351"
}

@misc{spa3102-amazon,
  author        = {Amazon.com Website Listing},
  title         = {Cisco SPA3102 Voice Gateway with Router},
  year          = {2017},
  note          = "Retrieved from \url{https://www.amazon.com/Cisco-SPA3102-Voice-Gateway-Router/dp/B000FKP55U} on 30 Jan 2017."
}

@misc{spamlogo,
  author        = {Hormel Foods LLC.},
  title         = {Spam Varities - Spam Classic},
  year          = {2017},
  note          = "Retrieved from \url{http://www.spam.com/varieties/spam-classic} on 18 Jun 2017."
}

@misc{bbc-coldcalls,
  author        = {Daniel Wainwright},
  title         = {Nuisance calls result in a complaint every five minutes},
  year          = {2017, Jan 10},
  howpublished	= {BBC News},
  note          = "Retrieved from \url{http://www.bbc.co.uk/news/uk-england-37950287} on 18 Jun 2017."
}

@misc{bbc-number,
	author        = {Dominic Casciani},
	title         = {Cybercrime and fraud scale revealed in annual figures},
	year          = {2017, Jan 19},
	howpublished  = {BBC News},
	note          = "Retrieved from \url{http://www.bbc.co.uk/news/uk-38675683} on 18 Jun 2017."
}

@misc{guardian-cost,
	author        = {Jill Treanor},
	title         = {UK fraud hits record Â£1.1bn as cybercrime soars},
	year          = {2017, Jan 24},
	howpublished  = {The Guardian Online},
	note          = "Retrieved from \url{https://www.theguardian.com/uk-news/2017/jan/24/uk-fraud-record-cybercrime-kpmg} on 18 Jun 2017."
}

@misc{nomorobo,
	author        = {Norombo Helpdesk Website},
	title         = {How Does Nomorobo Work?},
	year          = {2017},
	howpublished  = {Telephone Science Corporation},
	note          = "Retrieved from \url{https://nomorobo.zendesk.com/hc/en-us/articles/200536477-How-does-Nomorobo-work-} on 18 Jun 2017."
}

@misc{murphy,
	author        = {Chris Murphy},
	title         = {Raspberry Pi Telephone Number Blocker},
	year          = {2013},
	howpublished  = {Murphy 101 Blog},
	note          = "Retrieved from \url{https://murphy101blog.wordpress.com/2013/11/03/raspberry-pi-telephone-number-blocker/} on 18 Jun 2017."
}

@misc{asterisk,
  author        = {Steven Sokol},
  title         = {Beginning Asterisk},
  month         = {Feb},
  year          = {2016},
  note          = "Retrieved from Asterisk Wiki website, \url{https://wiki.asterisk.org/wiki/display/AST/Beginning+Asterisk} on 30 Jan 2017."
}

@misc{spa3102-specs,
  author        = {Cisco},
  title         = {End-of-Sale and End-of-Life Announcement for the Cisco SPA3102 Voice Gateway with Router},
  month         = {Oct},
  year          = {2014},
  note          = "Retrieved from Asterisk Wiki website, \url{http://www.cisco.com/c/en/us/products/collateral/unified-communications/spa3102-voice-gateway-router/eos-eol-notice-c51-731409.html} on 30 Jan 2017."
}

@misc{obi110-specs,
  author        = {Obihai Technology, Inc.},
  title         = {OBi110 Voice Service Bridge and Telephone Adapter, Detailed Technical Specifications},
  year          = {2013},
  note          = "Retrieved from Asterisk Wiki website, \url{http://www.obihai.com/docs/OBi110DS.pdf} on 30 Jan 2017."
}

@misc{ons,
  author        = {Office for National Statistics},
  title         = {Population estimates, 2015},
  year          = {2016},
  note          = "Retrieved from \url{https://www.ons.gov.uk/peoplepopulationandcommunity/populationandmigration/populationestimates} on 30 Jan 2017."
}

@misc{ofcom,
  author        = {Office of Communications},
  title         = {Fast Facts - Internet statistics},
  year          = {2016},
  note          = "Retrieved from \url{https://www.ofcom.org.uk/about-ofcom/latest/media/facts} on 30 Jan 2017."
}

@misc{microsoft-survey,
  author        = {IPOS},
  title         = {Experience with Tech Support Scams Survey},
  year          = {2016},
  note          = "Survey commision by Microsoft. Retrieved from \url{https://mscorpmedia.azureedge.net/mscorpmedia/2016/10/Tech-Scams-Public-Report.pdf} on 30 Jan 2017."
}

@article{infrared,
  author  = {Q. K. Dang and Y. S. Suh},
  title   = "Human-following robot using infrared camera",
  journal = "11th International Conference on Control, Automation, and Systems (ICCAS)",
  year    = "2011",
  month   = "Oct",
}

@misc{raspbx,
  author        = {Raspbx},
  title         = {},
  year          = {},
  note          = ""
}

@misc{freepbx,
  author        = {Freepbx},
  title         = {},
  year          = {},
  note          = ""
}

@misc{bryanross,
	author        = {Bryan Ross},
	title         = {Blocking silent and nuisance calls with an OBi110, Raspbx / Asterisk PBX},
	year          = {2013},
	howpublished  = {Bryan Ross Blog},
	note          = "Retrieved from \url{https://liquidstate.net/blocking-silent-and-nuisance-calls-with-an-obi110-raspbx-asterisk-pbx/} on 18 Jun 2017."
}


@misc{tps,
author        = {Telephone Preference Service},
title         = {What is TPS?},
year          = {2015},
howpublished  = {TPS Website},
note          = "Retrieved from \url{http://www.tpsonline.org.uk/tps/whatistps.html} on 18 Jun 2017."
}

@misc{which,
author        = {Which? UK},
title         = {How to report a scam},
year          = {2013},
howpublished  = {Which? UK Website.},
note          = "Retrieved from \url{http://www.which.co.uk/consumer-rights/advice/how-to-report-a-scam} on 18 Jun 2017."
}

@misc{ageuk,
author        = {Age UK},
title         = {Phone scams, cold calls and nuisance texts},
year          = {2013},
howpublished  = {Age UK Website},
note          = "Retrieved from \url{http://www.ageuk.org.uk/home-and-care/home-safety-and-security/phone-scams/common-phone-scams/} on 18 Jun 2017."
}

@misc{telephone,
  author        = {The Telephone File},
  title         = {How Telephones Work - An Overview},
  year          = {2010},
  note          = "Retrieved from \url{http://www.britishtelephones.com/howtele.htm} on 30 January 2017."
}

@misc{sip,
  author        = {Sip},
  title         = {},
  year          = {},
  note          = ""
}

@misc{ata,
  author        = {Ata},
  title         = {},
  year          = {},
  note          = ""
}

@misc{guide,
  author        = {Project Guide},
  title         = {},
  year          = {},
  note          = ""
}

@misc{chaisa,
  author        = {Chaisa},
  title         = {},
  year          = {},
  note          = ""
}

@misc{wu,
  author        = {Wu},
  title         = {},
  year          = {},
  note          = ""
}

@misc{heo,
  author        = {Heo},
  title         = {},
  year          = {},
  note          = ""
}
