@article{greenwade93,
    author  = "David Salmon",
    title   = "The {C}omprehensive {T}ex {A}rchive {N}etwork ({CTAN})",
    year    = "1993",
    journal = "TUGBoat",
    volume  = "14",
    number  = "3",
    pages   = "342--351"
}

@misc{spa3102-amazon,
  author        = {Amazon.com Website Listing},
  title         = {Cisco SPA3102 Voice Gateway with Router},
  year          = {2017},
  note          = "Retrieved from \url{https://www.amazon.com/Cisco-SPA3102-Voice-Gateway-Router/dp/B000FKP55U} on 30 Jan 2017."
}

@misc{asterisk,
  author        = {Steven Sokol},
  title         = {Beginning Asterisk},
  month         = {Feb},
  year          = {2016},
  note          = "Retrieved from Asterisk Wiki website, \url{https://wiki.asterisk.org/wiki/display/AST/Beginning+Asterisk} on 30 Jan 2017."
}

@misc{spa3102-specs,
  author        = {Cisco},
  title         = {End-of-Sale and End-of-Life Announcement for the Cisco SPA3102 Voice Gateway with Router},
  month         = {Oct},
  year          = {2014},
  note          = "Retrieved from Asterisk Wiki website, \url{http://www.cisco.com/c/en/us/products/collateral/unified-communications/spa3102-voice-gateway-router/eos-eol-notice-c51-731409.html} on 30 Jan 2017."
}

@misc{obi110-specs,
  author        = {Obihai Technology, Inc.},
  title         = {OBi110 Voice Service Bridge and Telephone Adapter, Detailed Technical Specifications},
  year          = {2013},
  note          = "Retrieved from Asterisk Wiki website, \url{http://www.obihai.com/docs/OBi110DS.pdf} on 30 Jan 2017."
}

@misc{ons,
  author        = {Office for National Statistics},
  title         = {Population estimates, 2015},
  year          = {2016},
  note          = "Retrieved from \url{https://www.ons.gov.uk/peoplepopulationandcommunity/populationandmigration/populationestimates} on 30 Jan 2017."
}

@misc{ofcom,
  author        = {Office of Communications},
  title         = {Fast Facts - Internet statistics},
  year          = {2016},
  note          = "Retrieved from \url{https://www.ofcom.org.uk/about-ofcom/latest/media/facts} on 30 Jan 2017."
}

@misc{microsoft-survey,
  author        = {IPOS},
  title         = {Experience with Tech Support Scams Survey},
  year          = {2016},
  note          = "Survey commision by Microsoft. Retrieved from \url{https://mscorpmedia.azureedge.net/mscorpmedia/2016/10/Tech-Scams-Public-Report.pdf} on 30 Jan 2017."
}

@article{infrared,
  author  = {Q. K. Dang and Y. S. Suh},
  title   = "Human-following robot using infrared camera",
  journal = "11th International Conference on Control, Automation, and Systems (ICCAS)",
  year    = "2011",
  month   = "Oct",
}

@misc{raspbx,
  author        = {},
  title         = {},
  year          = {},
  note          = ""
}

@misc{freepbx,
  author        = {},
  title         = {},
  year          = {},
  note          = ""
}

@misc{bryanross,
  author        = {},
  title         = {},
  year          = {},
  note          = ""
}

@misc{sip,
  author        = {},
  title         = {},
  year          = {},
  note          = ""
}

@misc{ata,
  author        = {},
  title         = {},
  year          = {},
  note          = ""
}

@misc{guide,
  author        = {},
  title         = {},
  year          = {},
  note          = ""
}

@misc{chaisa,
  author        = {},
  title         = {},
  year          = {},
  note          = ""
}

@misc{wu,
  author        = {},
  title         = {},
  year          = {},
  note          = ""
}

@misc{heo,
  author        = {},
  title         = {},
  year          = {},
  note          = ""
}

@misc{tps,
  author        = {},
  title         = {},
  year          = {},
  note          = ""
}

@misc{which,
  author        = {},
  title         = {},
  year          = {},
  note          = ""
}

@misc{telephone,
  author        = {The Telephone File},
  title         = {How Telephones Work - An Overview},
  year          = {2010},
  note          = "Retrieved from \url{http://www.britishtelephones.com/howtele.htm} on 30 January 2017."
}
